<record><leader>00000cas a22000007a 4500</leader><controlfield tag="001">16677566</controlfield><controlfield tag="008">870914d19231923txusr ne      0    0eng d</controlfield><datafield ind1=" " ind2=" " tag="010"><subfield code="a">sn 87090729 </subfield></datafield><datafield ind1=" " ind2=" " tag="040"><subfield code="a">PPM</subfield><subfield code="b">eng</subfield><subfield code="c">PPM</subfield><subfield code="d">OCL</subfield><subfield code="d">OCLCQ</subfield></datafield><datafield ind1=" " ind2=" " tag="042"><subfield code="a">msc</subfield></datafield><datafield ind1="0" ind2="4" tag="245"><subfield code="a">The McMurry bulletin.</subfield></datafield><datafield ind1=" " ind2=" " tag="260"><subfield code="a">Abilene, Tex. :</subfield><subfield code="b">Student Body of McMurry College,</subfield><subfield code="c">1923-1923.</subfield></datafield><datafield ind1=" " ind2=" " tag="310"><subfield code="a">Semimonthly</subfield></datafield><datafield ind1="0" ind2=" " tag="362"><subfield code="a">Vol. 1, no. 1 (Sept. 19, 1923)-v. 1, no. 2 (Oct. 3, 1923).</subfield></datafield><datafield ind1=" " ind2=" " tag="752"><subfield code="a">United States</subfield><subfield code="b">Texas</subfield><subfield code="c">Taylor</subfield><subfield code="d">Abilene.</subfield></datafield><datafield ind1="0" ind2="0" tag="785"><subfield code="t">War-whoop</subfield></datafield></record>